@misc{gemalto_2019,
    title={Biometrics: authentication and identification (definition, trends, use cases, laws and latest news)},
    howpublished = "\url{https://www.gemalto.com/govt/inspired/biometrics}",
    author={Gemalto},
    year={2019}
}

@misc{nicolls_2019,
     title={Digital Identity Verification Blog},
     howpublished ="\url{https://www.jumio.com/what-is-biometric-authentication/}",
     author={Nicolls, Dean},
     year={2019},
     month={Jul},
	 day={17}
}

@inproceedings{van_leeuwen_2007,
	author = {Van Leeuwen, David and Brummer, Niko},
	year = {2007},
	month = {01},
	pages = {330-353},
	title = {An Introduction to Application-Independent Evaluation of Speaker Recognition Systems},
	volume = {4343},
	doi = {10.1007/978-3-540-74200-5_19}
}

@article{taufiq_2015,
	author = {Hansen, John and Hasan, Taufiq},
	year = {2015},
	month = {11},
	pages = {74-99},
	title = {Speaker Recognition by Machines and Humans: A tutorial review},
	volume = {32},
	journal = {Signal Processing Magazine, IEEE},
	doi = {10.1109/MSP.2015.2462851}
}

@inproceedings{Shaver2016ABR,
	title={A Brief Review of Speaker Recognition Technology},
	author={Clark D. Shaver and John M. Acken},
	year={2016}
}

@phdthesis{finnian_2014,
	author = {Kelly, Finnian},
	year = {2014},
	month = {04},
	title = {Automatic Recognition of Ageing Speakers}
}

@article{singh_2017,
	author = {Singh, Nilu and Agrawal, Alka and Khan, Prof. Raees},
	year = {2017},
	month = {07},
	pages = {38-45},
	title = {Automatic Speaker Recognition: Current Approaches and Progress in Last Six Decades},
	volume = {9},
	journal = {Global Journal of Enterprise Information System},
	doi = {10.18311/gjeis/2017/15973}
}

@article{deep_speaker,
	author = {Li, Chao and Ma, Xiaokong and Jiang, Bing and Li, Xiangang and Zhang, Xuewei and Liu, Xiao and Cao, Ying and Kannan, Ajay and Zhu, Zhenyao},
	year = {2017},
	month = {05},
	pages = {},
	title = {Deep Speaker: an End-to-End Neural Speaker Embedding System}
}

@inproceedings{sincnet,
	author = {Ravanelli, Mirco and Bengio, Y.},
	year = {2018},
	month = {12},
	pages = {1021-1028},
	title = {Speaker Recognition from Raw Waveform with SincNet},
	doi = {10.1109/SLT.2018.8639585}
}

@inproceedings{voxceleb2,
	author = {Chung, Joon Son and Nagrani, Arsha and Zisserman, Andrew},
	year = {2018},
	month = {09},
	pages = {1086-1090},
	title = {VoxCeleb2: Deep Speaker Recognition},
	doi = {10.21437/Interspeech.2018-1929}
}

@inproceedings{speaker_in_the_wild,
	author = {Xie, Weidi and Nagrani, Arsha and Chung, Joon Son and Zisserman, Andrew},
	year = {2019},
	month = {05},
	pages = {5791-5795},
	title = {Utterance-level Aggregation for Speaker Recognition in the Wild},
	doi = {10.1109/ICASSP.2019.8683120}
}